<?xml version="1.0" encoding="UTF-8"?><collection xmlns="http://www.loc.gov/MARC21/slim"><record><leader>00424nam--2200157-i-4500</leader><controlfield tag="001">000045548</controlfield><controlfield tag="002">20161230</controlfield><controlfield tag="005">20161230201045</controlfield><controlfield tag="008">060222s1000------------r-----000-0-eng-d</controlfield><datafield ind1=" " ind2=" " tag="080"><subfield code="a">512</subfield></datafield><datafield ind1=" " ind2=" " tag="100"><subfield code="a">Trjitzinsky,W.J</subfield></datafield><datafield ind1=" " ind2=" " tag="245"><subfield code="a">Totalisation des series dans les espaces abstraits</subfield></datafield><datafield ind1=" " ind2=" " tag="260"><subfield code="a">Paris, Gauthier-villars Ed.,1965. 69 P</subfield></datafield><datafield ind1=" " ind2=" " tag="490"><subfield code="a">Memorial De Sc.Math</subfield></datafield><datafield ind1=" " ind2=" " tag="852"><subfield code="a">24725</subfield><subfield code="c">512</subfield></datafield><datafield ind1=" " ind2=" " tag="CAT"><subfield code="a">Sys</subfield><subfield code="c">20080508</subfield><subfield code="h">122614</subfield></datafield></record></collection>